@article{asadegravino:2019,
  author   = {Ali, Asad and Gravino, Carmine},
  title    = {A systematic literature review of software effort prediction using machine learning methods},
  journal  = {Journal of Software: Evolution and Process},
  volume   = {31},
  number   = {10},
  pages    = {e2211},
  keywords = {accuracy measure, effort estimation, machine learning, SLR, software engineering},
  doi      = {https://doi.org/10.1002/smr.2211},
  url      = {https://onlinelibrary.wiley.com/doi/abs/10.1002/smr.2211},
  year     = {2019}
}

@article{samuel:1959,
  author  = {Samuel, A. L.},
  journal = {IBM Journal of Research and Development},
  title   = {Some Studies in Machine Learning Using the Game of Checkers},
  year    = {1959},
  volume  = {3},
  number  = {3},
  pages   = {210-229}
}

@misc{ieee:2013,
  author       = {IEEE-CS},
  title        = {Computer Pioneers by J. A. N. Lee},
  howpublished = {Disponível em: \url{https://history.computer.org/pioneers/samuel.html}},
  year         = {2013},
  note         = {Acessado em: Junho de 2022.}
}

@article{abadaletal:2020,
  author  = {Sergi Abadal and
             Akshay Jain and
             Robert Guirado and
             Jorge L{\'{o}}pez{-}Alonso and
             Eduard Alarc{\'{o}}n},
  title   = {Computing Graph Neural Networks: {A} Survey from Algorithms to Accelerators},
  journal = {CoRR},
  volume  = {abs/2010.00130},
  year    = {2020}
}

@book{mitchell:1997,
  title     = {Machine learning},
  author    = {Tom Mitchell},
  edition   = {1ª},
  year      = {1997},
  publisher = {McGraw-hill, New York}
}

@book{stuartnorvig:2013,
  title     = {Inteligência Artificial},
  author    = {Stuart Russell and Peter Norvig},
  edition   = {3ª},
  year      = {2013},
  publisher = {Elsevier, Rio de Janeiro}
}

@book{haykin:2001,
  title     = {Redes Neurais: princípio e prática},
  author    = {Simon Haykin},
  year      = {2001},
  publisher = {Bookman}
}

@misc{bruno:2020,
  author       = {Bruno Nogueira},
  title        = {Support Vector Machine},
  howpublished = {Disponível em: \url{https://www.youtube.com/watch?v=eFaIhuCjkRU}},
  year         = {2020},
  note         = {Acessado em: Junho de 2022.}
}

@inproceedings{liuetal:2012,
  author    = {Yanli Liu, Yourong Wang and Jian Zhang },
  title     = {New Machine Learning Algorithm: Random Forest},
  booktitle = {Information Computing and Applications},
  year      = {2012},
  publisher = {Springer Berlin Heidelberg},
  address   = {Berlin, Heidelberg},
  pages     = {246--252}
}